@techreport{cppiso,
type = {Standard},
key = {ISO/IEC 14882:2017},
month = dec,
year = {2017},
title = {Programming languages - C++},
address = {Geneva, CH},
institution = {International Organization for Standardization}
}

@article{valgrind,
 author = {Nethercote, Nicholas and Seward, Julian},
 title = {Valgrind: A Framework for Heavyweight Dynamic Binary Instrumentation},
 journal = {SIGPLAN Not.},
 issue_date = {June 2007},
 volume = {42},
 number = {6},
 month = jun,
 year = {2007},
 issn = {0362-1340},
 pages = {89--100},
 numpages = {12},
 url = {http://doi.acm.org/10.1145/1273442.1250746},
 doi = {10.1145/1273442.1250746},
 acmid = {1250746},
 publisher = {ACM},
 address = {New York, NY, USA},
 keywords = {Memcheck, Valgrind, dynamic binary analysis, dynamic binary instrumentation, shadow values},
}
@inproceedings{pin,
 author = {Luk, Chi-Keung and Cohn, Robert and Muth, Robert and Patil, Harish and Klauser, Artur and Lowney, Geoff and Wallace, Steven and Reddi, Vijay Janapa and Hazelwood, Kim},
 title = {Pin: Building Customized Program Analysis Tools with Dynamic Instrumentation},
 booktitle = {Proceedings of the 2005 ACM SIGPLAN Conference on Programming Language Design and Implementation},
 series = {PLDI '05},
 year = {2005},
 isbn = {1-59593-056-6},
 location = {Chicago, IL, USA},
 pages = {190--200},
 numpages = {11},
 url = {http://doi.acm.org/10.1145/1065010.1065034},
 doi = {10.1145/1065010.1065034},
 acmid = {1065034},
 publisher = {ACM},
 address = {New York, NY, USA},
 keywords = {dynamic compilation, instrumentation, program analysis tools},
}
@inproceedings{dynamorio,
 author = {Bruening, Derek and Garnett, Timothy and Amarasinghe, Saman},
 title = {An Infrastructure for Adaptive Dynamic Optimization},
 booktitle = {Proceedings of the International Symposium on Code Generation and Optimization: Feedback-directed and Runtime Optimization},
 series = {CGO '03},
 year = {2003},
 isbn = {0-7695-1913-X},
 location = {San Francisco, California, USA},
 pages = {265--275},
 numpages = {11},
 url = {http://dl.acm.org/citation.cfm?id=776261.776290},
 acmid = {776290},
 publisher = {IEEE Computer Society},
 address = {Washington, DC, USA},
}

@article{memorygap,
 author = {Wilkes, Maurice V.},
 title = {The Memory Gap and the Future of High Performance Memories},
 journal = {SIGARCH Comput. Archit. News},
 issue_date = {March 2001},
 volume = {29},
 number = {1},
 month = mar,
 year = {2001},
 issn = {0163-5964},
 pages = {2--7},
 numpages = {6},
 url = {http://doi.acm.org/10.1145/373574.373576},
 doi = {10.1145/373574.373576},
 acmid = {373576},
 publisher = {ACM},
 address = {New York, NY, USA},
}

@PhDThesis{nethercotephd,
    author      = {Nicholas Nethercote},
    title       = {Dynamic Binary Analysis and Instrumentation},
    school      = {Computer Laboratory, University of Cambridge},
    address     = {United Kingdom},
    month       = nov,
    year        = 2004,
}

@inproceedings{memcheck,
  title={How to shadow every byte of memory used by a program},
  author={Nethercote, Nicholas and Seward, Julian},
  booktitle={Proceedings of the 3rd international conference on Virtual execution environments},
  pages={65--74},
  year={2007},
  organization={ACM}
}

@article{gprof,
 author = {Graham, Susan L. and Kessler, Peter B. and Mckusick, Marshall K.},
 title = {Gprof: A Call Graph Execution Profiler},
 journal = {SIGPLAN Not.},
 issue_date = {June 1982},
 volume = {17},
 number = {6},
 month = jun,
 year = {1982},
 issn = {0362-1340},
 pages = {120--126},
 numpages = {7},
 url = {http://doi.acm.org/10.1145/872726.806987},
 doi = {10.1145/872726.806987},
 acmid = {806987},
 publisher = {ACM},
 address = {New York, NY, USA},
}

@online{massif,
 title={Massif: a heap profiler},
 url={http://valgrind.org/docs/manual/ms-manual.html}
}

@online{vtune,
 title={Intel® VTune™ Amplifier},
 url={https://software.intel.com/en-us/intel-vtune-amplifier-xe}
}
@online{codexl,
 title={CodeXL},
 url={https://github.com/GPUOpen-Tools/CodeXL}
}
@online{nsight,
  title={NVIDIA® Nsight™},
  url={https://www.nvidia.com/object/nsight.html}
}
@online{tracectory,
  title={Tracectory},
  url={https://bitbucket.org/oebeling/tracectory/wiki/Home}
}
@online{memview,
  title={Memview},
  url={https://github.com/ajclinto/memview}
}

@Inbook{typescript,
    author="Bierman, Gavin and Abadi, Mart{\'i}n and Torgersen, Mads",
    editor="Jones, Richard",
    title="Understanding TypeScript",
    bookTitle="ECOOP 2014 -- Object-Oriented Programming: 28th European Conference, Uppsala, Sweden, July 28 -- August 1, 2014. Proceedings",
    year="2014",
    publisher="Springer Berlin Heidelberg",
    address="Berlin, Heidelberg",
    pages="257--281",
    abstract="TypeScript is an extension of JavaScript intended to enable easier development of large-scale JavaScript applications. While every JavaScript program is a TypeScript program, TypeScript offers a module system, classes, interfaces, and a rich gradual type system. The intention is that TypeScript provides a smooth transition for JavaScript programmers---well-established JavaScript programming idioms are supported without any major rewriting or annotations. One interesting consequence is that the TypeScript type system is not statically sound by design. The goal of this paper is to capture the essence of TypeScript by giving a precise definition of this type system on a core set of constructs of the language. Our main contribution, beyond the familiar advantages of a robust, mathematical formalization, is a refactoring into a safe inner fragment and an additional layer of unsafe rules.",
    isbn="978-3-662-44202-9",
    doi="10.1007/978-3-662-44202-9_11",
    url="https://doi.org/10.1007/978-3-662-44202-9_11"
}

@INPROCEEDINGS{sassi, 
    author={M. Stephenson and S. K. S. Hari and Y. Lee and E. Ebrahimi and D. R. Johnson and D. Nellans and M. O'Connor and S. W. Keckler}, 
    booktitle={2015 ACM/IEEE 42nd Annual International Symposium on Computer Architecture (ISCA)}, 
    title={Flexible software profiling of GPU architectures}, 
    year={2015}, 
    volume={}, 
    number={}, 
    pages={185-197}, 
    keywords={assembly language;computer architecture;graphics processing units;CPU binary instrumentation tools;GPU architectures;GPU assembly code;GPU computing;GPU manufacturers;NVIDIA assembly code;SASS instrumentor;SASSI;application characterization;architecture design space exploration;counters;debugging hooks;flexible software profiling;hardware profiling;hardware speeds;instruction control flow;low-level assembly-language instrumentation tool;memory systems;profilers;simulators;user-directed fine-grained statistics;user-provided instrumentation code;value similarity;Computer architecture;Graphics processing units;Instruction sets;Instruments;Registers}, 
    doi={10.1145/2749469.2750375}, 
    ISSN={1063-6897}, 
    month=jun
}

@INPROCEEDINGS{lynx, 
    author={N. Farooqui and A. Kerr and G. Eisenhauer and K. Schwan and S. Yalamanchili}, 
    booktitle={2012 IEEE International Symposium on Performance Analysis of Systems Software}, 
    title={Lynx: A dynamic instrumentation system for data-parallel applications on GPGPU architectures}, 
    year={2012}, 
    volume={}, 
    number={}, 
    pages={58-67}, 
    keywords={graphics processing units;parallel architectures;parallel programming;program debugging;program verification;resource allocation;CUDA programs;GPGPU architectures;Lynx;SIMD model;correctness checks;data-parallel programming;dynamic instrumentation system;general-purpose GPU;parallel execution platforms;performance debugging;real-time introspection tools;resource management;run-time code generation;single instruction multiple data model;Aerospace electronics;Graphics processing unit;Instruction sets;Instruments;Kernel;Measurement;Runtime}, 
    doi={10.1109/ISPASS.2012.6189206}, 
    ISSN={}, 
    month=apr
}

@inproceedings{ocelot,
    author = {Farooqui, Naila and Kerr, Andrew and Diamos, Gregory and Yalamanchili, S. and Schwan, K.},
    title = {A framework for dynamically instrumenting GPU compute applications within GPU Ocelot},
    booktitle = {Proceedings of the Fourth Workshop on General Purpose Processing on Graphics Processing Units},
    series = {GPGPU-4},
    year = {2011},
    isbn = {978-1-4503-0569-3},
    location = {Newport Beach, California},
    pages = {9:1–9:9},
    articleno = {9},
    numpages = {9},
    url = {http://doi.acm.org/10.1145/1964179.1964192},
    doi = {10.1145/1964179.1964192},
    acmid = {1964192},
    publisher = {ACM},
    address = {New York, NY, USA},
    keywords = {CUDA, GPGPU, GPU computing, Ocelot, OpenCL, PTX, Parboil, Rodinia, dynamic binary compilation, instrumentation},
}

@article{cuda,
 author = {Nickolls, John and Buck, Ian and Garland, Michael and Skadron, Kevin},
 title = {Scalable Parallel Programming with CUDA},
 journal = {Queue},
 issue_date = {March/April 2008},
 volume = {6},
 number = {2},
 month = mar,
 year = {2008},
 issn = {1542-7730},
 pages = {40--53},
 numpages = {14},
 url = {http://doi.acm.org/10.1145/1365490.1365500},
 doi = {10.1145/1365490.1365500},
 acmid = {1365500},
 publisher = {ACM},
 address = {New York, NY, USA},
}

@online{panoptes,
  url={https://github.com/ckennelly/panoptes},
  author={Chris Kennelly}
}

@online{cudacguide,
	title = {NVIDIA Cuda C Programming Guide},
    url = {https://developer.download.nvidia.com/compute/DevZone/docs/html/C/doc/CUDA_C_Programming_Guide.pdf}
}

@inproceedings{llvm,
 author = {Lattner, Chris and Adve, Vikram},
 title = {LLVM: A Compilation Framework for Lifelong Program Analysis \& Transformation},
 booktitle = {Proceedings of the International Symposium on Code Generation and Optimization: Feedback-directed and Runtime Optimization},
 series = {CGO '04},
 year = {2004},
 isbn = {0-7695-2102-9},
 location = {Palo Alto, California},
 pages = {75--},
 url = {http://dl.acm.org/citation.cfm?id=977395.977673},
 acmid = {977673},
 publisher = {IEEE Computer Society},
 address = {Washington, DC, USA},
}

@article{peephole,
 author = {McKeeman, W. M.},
 title = {Peephole Optimization},
 journal = {Commun. ACM},
 issue_date = {July 1965},
 volume = {8},
 number = {7},
 month = jul,
 year = {1965},
 issn = {0001-0782},
 pages = {443--444},
 numpages = {2},
 url = {http://doi.acm.org/10.1145/364995.365000},
 doi = {10.1145/364995.365000},
 acmid = {365000},
 publisher = {ACM},
 address = {New York, NY, USA},
}

@inproceedings{ssa1,
 author = {Rosen, B. K. and Wegman, M. N. and Zadeck, F. K.},
 title = {Global Value Numbers and Redundant Computations},
 booktitle = {Proceedings of the 15th ACM SIGPLAN-SIGACT Symposium on Principles of Programming Languages},
 series = {POPL '88},
 year = {1988},
 isbn = {0-89791-252-7},
 location = {San Diego, California, USA},
 pages = {12--27},
 numpages = {16},
 url = {http://doi.acm.org/10.1145/73560.73562},
 doi = {10.1145/73560.73562},
 acmid = {73562},
 publisher = {ACM},
 address = {New York, NY, USA},
}
@article{ssa2,
 author = {Cytron, Ron and Ferrante, Jeanne and Rosen, Barry K. and Wegman, Mark N. and Zadeck, F. Kenneth},
 title = {Efficiently Computing Static Single Assignment Form and the Control Dependence Graph},
 journal = {ACM Trans. Program. Lang. Syst.},
 issue_date = {Oct. 1991},
 volume = {13},
 number = {4},
 month = oct,
 year = {1991},
 issn = {0164-0925},
 pages = {451--490},
 numpages = {40},
 url = {http://doi.acm.org/10.1145/115372.115320},
 doi = {10.1145/115372.115320},
 acmid = {115320},
 publisher = {ACM},
 address = {New York, NY, USA},
 keywords = {control dependence, control flow graph, def-use chain, dominator, optimizing compilers},
}

@inproceedings{numa-visualisation,
 author = {Weyers, Benjamin and Terboven, Christian and Schmidl, Dirk and Herber, Joachim and Kuhlen, Torsten W. and M\"{u}ller, Matthias S. and Hentschel, Bernd},
 title = {Visualization of Memory Access Behavior on Hierarchical NUMA Architectures},
 booktitle = {Proceedings of the First Workshop on Visual Performance Analysis},
 series = {VPA '14},
 year = {2014},
 isbn = {978-1-4799-7058-2},
 location = {New Orleans, Louisiana},
 pages = {42--49},
 numpages = {8},
 url = {http://dx.doi.org/10.1109/VPA.2014.12},
 doi = {10.1109/VPA.2014.12},
 acmid = {2688466},
 publisher = {IEEE Press},
 address = {Piscataway, NJ, USA},
} 

@inproceedings{numa-tabarnac,
 author = {Beniamine, David and Diener, Matthias and Huard, Guillaume and Navaux, Philippe O. A.},
 title = {TABARNAC: Visualizing and Resolving Memory Access Issues on NUMA Architectures},
 booktitle = {Proceedings of the 2Nd Workshop on Visual Performance Analysis},
 series = {VPA '15},
 year = {2015},
 isbn = {978-1-4503-4013-7},
 location = {Austin, Texas},
 pages = {1:1--1:9},
 articleno = {1},
 numpages = {9},
 url = {http://doi.acm.org/10.1145/2835238.2835239},
 doi = {10.1145/2835238.2835239},
 acmid = {2835239},
 publisher = {ACM},
 address = {New York, NY, USA},
}

@inproceedings{mtv,
 author = {Choudhury, A. N. M. Imroz and Potter, Kristin C. and Parker, Steven G.},
 title = {Interactive Visualization for Memory Reference Traces},
 booktitle = {Proceedings of the 10th Joint Eurographics / IEEE - VGTC Conference on Visualization},
 series = {EuroVis'08},
 year = {2008},
 location = {Eindhoven, The Netherlands},
 pages = {815--822},
 numpages = {8},
 url = {http://dx.doi.org/10.1111/j.1467-8659.2008.01212.x},
 doi = {10.1111/j.1467-8659.2008.01212.x},
 acmid = {2421794},
 publisher = {The Eurographs Association \&\#38; John Wiley \&\#38; Sons, Ltd.},
 address = {Chichester, UK},
} 

@InProceedings{vampir,
author="Kn{\"u}pfer, Andreas
and Brunst, Holger
and Doleschal, Jens
and Jurenz, Matthias
and Lieber, Matthias
and Mickler, Holger
and M{\"u}ller, Matthias S.
and Nagel, Wolfgang E.",
editor="Resch, Michael
and Keller, Rainer
and Himmler, Valentin
and Krammer, Bettina
and Schulz, Alexander",
title="The Vampir Performance Analysis Tool-Set",
booktitle="Tools for High Performance Computing",
year="2008",
publisher="Springer Berlin Heidelberg",
address="Berlin, Heidelberg",
pages="139--155",
abstract="This paper presents the Vampir tool-set for performance analysis of parallel applications. It consists of the run-time measurement system VampirTrace and the visualization tools Vampir and VampirServer. It describes the major features and outlines the underlying implementation that is necessary to provide low overhead and good scalability. Furthermore, it gives a short overview about the development history and future work as well as related work.",
isbn="978-3-540-68564-7"
}

@article{tau,
 author = {Shende, Sameer S. and Malony, Allen D.},
 title = {The Tau Parallel Performance System},
 journal = {Int. J. High Perform. Comput. Appl.},
 issue_date = {May       2006},
 volume = {20},
 number = {2},
 month = may,
 year = {2006},
 issn = {1094-3420},
 pages = {287--311},
 numpages = {25},
 url = {http://dx.doi.org/10.1177/1094342006064482},
 doi = {10.1177/1094342006064482},
 acmid = {1125982},
 publisher = {Sage Publications, Inc.},
 address = {Thousand Oaks, CA, USA},
 keywords = {Performance evaluation, TAU, analysis, instrumentation, measurement},
} 

@online{flamegraph,
    title={CPU Flame Graphs},
    author={Brendan Gregg},
    url={http://www.brendangregg.com/FlameGraphs/cpuflamegraphs.html}
}

@inproceedings{gcspy,
  title={GCspy: an adaptable heap visualisation framework},
  author={Tony Printezis and Richard E. Jones},
  booktitle={OOPSLA},
  year={2002}
}

@inproceedings{dynmem-visualisation, 
author={S. Moreta and A. Telea}, 
booktitle={2007 4th IEEE International Workshop on Visualizing Software for Understanding and Analysis}, 
title={Visualizing Dynamic Memory Allocations}, 
year={2007}, 
volume={}, 
number={}, 
pages={31-38}, 
keywords={C language;data visualisation;software metrics;storage management;C program;dynamic memory allocation;orthogonal dense pixel layout;visualization tool;Bars;Computer languages;Computer science;Concrete;Data visualization;Delay;Design optimization;Dynamic programming;Instruments;Runtime}, 
doi={10.1109/VISSOF.2007.4290697},
month=jun
}
